@Article{SH1,
author="Wacholder, E.
and Han, J.
and Mann, R. C.",
title="A neural network algorithm for the multiple traveling salesmen problem",
journal="Biological Cybernetics",
year="1989",
month="May",
day="01",
volume="61",
number="1",
pages="11--19",
issn="1432-0770",
doi="10.1007/BF00204755",
url="https://doi.org/10.1007/BF00204755"
}

