@Article{SH2,
author="Dunbabin, Vanessa M.
and Postma, Johannes A.
and Schnepf, Andrea
and Pag{\`e}s, Lo{\"i}c
and Javaux, Mathieu
and Wu, Lianhai
and Leitner, Daniel
and Chen, Ying L.
and Rengel, Zed
and Diggle, Art J.",
title="Modelling root--soil interactions using three--dimensional models of root growth, architecture and function",
journal="Plant and Soil",
year="2013",
month="Nov",
day="01",
volume="372",
number="1",
pages="93--124",
issn="1573-5036",
doi="10.1007/s11104-013-1769-y",
url="https://doi.org/10.1007/s11104-013-1769-y"
}

