





@article{SH9,
author = {Jean-Yves Potvin},
title = {State-of-the-Art Surveyâ€”The Traveling Salesman Problem: A Neural Network Perspective},
journal = {ORSA Journal on Computing},
volume = {5},
number = {4},
pages = {328-348},
year = {1993},
doi = {10.1287/ijoc.5.4.328},

URL = { 
        https://doi.org/10.1287/ijoc.5.4.328
    
},
eprint = { 
        https://doi.org/10.1287/ijoc.5.4.328
    
}



