@article{SH10,
title = "Evolutionary artificial neural networks for hydrological systems forecasting",
journal = "Journal of Hydrology",
volume = "367",
number = "1",
pages = "125 - 137",
year = "2009",
issn = "0022-1694",
doi = "https://doi.org/10.1016/j.jhydrol.2009.01.009",
url = "http://www.sciencedirect.com/science/article/pii/S002216940900016X",
author = "Yung-hsiang Chen and Fi-John Chang",
keywords = "Evolutionary artificial neural network (EANN), Genetic algorithm (GA), Time series, Forecasting, Hydrology, Water resources"
}