@article{SH11,
title = "Using artificial intelligence in routing schemes for wireless networks",
journal = "Computer Communications",
volume = "30",
number = "14",
pages = "2802 - 2811",
year = "2007",
note = "Network Coverage and Routing Schemes for Wireless Sensor Networks",
issn = "0140-3664",
doi = "https://doi.org/10.1016/j.comcom.2007.05.023",
url = "http://www.sciencedirect.com/science/article/pii/S0140366407002095",
author = "Julio Barbancho and Carlos Le√≥n and F.J. Molina and Antonio Barbancho",
keywords = "Wireless sensor networks (WSN), Ad hoc networks, Quality of Service (QoS), Artificial neural networks (ANN), Routing, Self-organizing map (SOM)"
}