@article{SH12,
title = "Artificial intelligence heuristics in solving vehicle routing problems with time window constraints",
journal = "Engineering Applications of Artificial Intelligence",
volume = "14",
number = "6",
pages = "825 - 837",
year = "2001",
issn = "0952-1976",
doi = "https://doi.org/10.1016/S0952-1976(02)00011-8",
url = "http://www.sciencedirect.com/science/article/pii/S0952197602000118",
author = "K.C. Tan and L.H. Lee and K. Ou",
keywords = "Artificial intelligence, Vehicle routing problems with time windows, Simulated annealing, Tabu search, Genetic algorithms"
}