@article{SH13,
title = "Neural networks in wireless networks: Techniques, applications and guidelines",
journal = "Journal of Network and Computer Applications",
volume = "68",
pages = "1 - 27",
year = "2016",
issn = "1084-8045",
doi = "https://doi.org/10.1016/j.jnca.2016.04.006",
url = "http://www.sciencedirect.com/science/article/pii/S1084804516300492",
author = "Nauman Ahad and Junaid Qadir and Nasir Ahsan",
keywords = "Wireless networks, Neural networks, Computational intelligence, Artificial intelligence"
}