@article{SH14,
title = "Methods used for the development of neural networks for the prediction of water resource variables in river systems: Current status and future directions",
journal = "Environmental Modelling & Software",
volume = "25",
number = "8",
pages = "891 - 909",
year = "2010",
issn = "1364-8152",
doi = "https://doi.org/10.1016/j.envsoft.2010.02.003",
url = "http://www.sciencedirect.com/science/article/pii/S1364815210000411",
author = "Holger R. Maier and Ashu Jain and Graeme C. Dandy and K.P. Sudheer",
keywords = "Artificial neural networks, Water resources, River systems, Forecasting, Prediction, Modelling process, Model development, Review"
}