@article{SH15,
title = "Neural networks for the prediction and forecasting of water resources variables: a review of modelling issues and applications",
journal = "Environmental Modelling & Software",
volume = "15",
number = "1",
pages = "101 - 124",
year = "2000",
issn = "1364-8152",
doi = "https://doi.org/10.1016/S1364-8152(99)00007-9",
url = "http://www.sciencedirect.com/science/article/pii/S1364815299000079",
author = "Holger R. Maier and Graeme C. Dandy",
keywords = "Artificial neural networks, Water resources, Forecasting, Prediction, Modelling process, Model development, Review"
}