Pour author, les noms et prénoms sont séparés par une vigule, et les différents auteurs par AND

@Book{SH22,
author={Aric Hagberg, Dan Schult and Pieter Swart},
publisher={},
title={NetworkX Reference},
year={2017}
}

@Conference{SH21,
author={Arson Chloé },
title={Bio-inspired geomechanics},
year={2017}
}



@book{SH20, place={United States}, title={An artificial intelligence approach to VLSI routing}, publisher={Kluwer Academic Publishers,Norwell, MA}, author={Joobbani, R.}, year={1985}, month={Jan}}

@article{SH19,
  title={Network routing by artificial neural network},
  author={Michal Turcanik},
  journal={2012 Military Communications and Information Systems Conference (MCC)},
  year={2012},
  pages={1-5}
}

@article{SH18,
  title={Solving the Travelling Salesman Problem with a Hopfield-type neural network},
  author={Mandziuk, Jacek},
  journal={Demonstratio Mathematica-Politechnika Warszawska},
  volume={29},
  pages={219--231},
  year={1996},
  publisher={WARSAW UNIVERSITY}
}

@article{SH17,
  title={An introduction to neural networks},
  author={Kr{\"o}se, Ben and Krose, Ben and van der Smagt, Patrick and Smagt, Patrick},
  year={1993},
  publisher={Citeseer}
}
@article{SH16,
  title={Neural networks for shortest path computation and routing in computer networks},
  author={Mustafa K. Mehmet Ali and Faouzi Kamoun},
  journal={IEEE transactions on neural networks},
  year={1993},
  volume={4 6},
  pages={941-54}
}

@Article{SH1,
author="Wacholder, E.
and Han, J.
and Mann, R. C.",
title="A neural network algorithm for the multiple traveling salesmen problem",
journal="Biological Cybernetics",
year="1989",
month="May",
day="01",
volume="61",
number="1",
pages="11--19",
issn="1432-0770",
doi="10.1007/BF00204755",
url="https://doi.org/10.1007/BF00204755"
}

@Article{SH2,
author="Dunbabin, Vanessa M.
and Postma, Johannes A.
and Schnepf, Andrea
and Pag{\`e}s, Lo{\"i}c
and Javaux, Mathieu
and Wu, Lianhai
and Leitner, Daniel
and Chen, Ying L.
and Rengel, Zed
and Diggle, Art J.",
title="Modelling root--soil interactions using three--dimensional models of root growth, architecture and function",
journal="Plant and Soil",
year="2013",
month="Nov",
day="01",
volume="372",
number="1",
pages="93--124",
issn="1573-5036",
doi="10.1007/s11104-013-1769-y",
url="https://doi.org/10.1007/s11104-013-1769-y"
}

@article{SH3,
author = {Dupuy, Lionel and Gregory, Peter J. and Bengough, A. Glyn},
title = {Root growth models: towards a new generation of continuous approaches},
journal = {Journal of Experimental Botany},
volume = {61},
number = {8},
pages = {2131-2143},
year = {2010},
doi = {10.1093/jxb/erp389},
URL = { + http://dx.doi.org/10.1093/jxb/erp389},
eprint = {/oup/backfile/content_public/journal/jxb/61/8/10.1093_jxb_erp389/1/erp389.pdf}
}

@article{SH4,
author = {Willmott, Steven and Faltings, Boi},
year = {2018},
month = {01},
pages = {},
title = {Workshop Note: Artificial Intelligence Network Routing Problems}
}

@article{SH5,
author = {Mustafa, Muhammad},
year = {2011},
month = {01},
pages = {341-349},
title = {Artificial Neural Networks Modeling in Water Resources Engineering: Infrastructure and Applications},
volume = {62},
booktitle = {World Academy of Science, Engineering and Technology}
}

@article{SH6,
author = {Pierret, Alain and Doussan, Claude and Capowiez, Yvan and Bastardie, Francois and Pagès, Loïc},
year = {2007},
month = {05},
pages = {},
title = {Root Functional Architecture: A Framework for Modeling the Interplay between Roots and Soil},
volume = {6},
booktitle = {Vadose Zone Journal}
}

@article{SH7,
author = {Kaur, Er.Manpreet},
year = {2017},
month = {06},
pages = {},
title = {A review on Neural Network and Ant Colony Optimization for Vehicle Traffic Analysis and Routing},
booktitle = {International Journal Of Engineering And Computer Science}
}


@article{SH8,
author = {Tero, Atsushi and Takagi, Seiji and Saigusa, Tetsu and Ito, Kentaro and Bebber, Daniel and Fricker, Mark and Yumiki, Kenji and Kobayashi, Ryo and Nakagaki, Toshiyuki},
year = {2010},
month = {01},
pages = {439-42},
title = {Rules for Biologically Inspired Adaptive Network Design},
volume = {327},
booktitle = {Science (New York, N.Y.)}
}

@article{SH9,
author = {Jean-Yves Potvin},
title = {State-of-the-Art Survey—The Traveling Salesman Problem: A Neural Network Perspective},
journal = {ORSA Journal on Computing},
volume = {5},
number = {4},
pages = {328-348},
year = {1993},
doi = {10.1287/ijoc.5.4.328},

URL = { 
        https://doi.org/10.1287/ijoc.5.4.328
    
},
eprint = { 
        https://doi.org/10.1287/ijoc.5.4.328
    
}

@article{SH10,
title = "Evolutionary artificial neural networks for hydrological systems forecasting",
journal = "Journal of Hydrology",
volume = "367",
number = "1",
pages = "125 - 137",
year = "2009",
issn = "0022-1694",
doi = "https://doi.org/10.1016/j.jhydrol.2009.01.009",
url = "http://www.sciencedirect.com/science/article/pii/S002216940900016X",
author = "Yung-hsiang Chen and Fi-John Chang",
keywords = "Evolutionary artificial neural network (EANN), Genetic algorithm (GA), Time series, Forecasting, Hydrology, Water resources"
}

@article{SH11,
title = "Using artificial intelligence in routing schemes for wireless networks",
journal = "Computer Communications",
volume = "30",
number = "14",
pages = "2802 - 2811",
year = "2007",
note = "Network Coverage and Routing Schemes for Wireless Sensor Networks",
issn = "0140-3664",
doi = "https://doi.org/10.1016/j.comcom.2007.05.023",
url = "http://www.sciencedirect.com/science/article/pii/S0140366407002095",
author = "Julio Barbancho and Carlos León and F.J. Molina and Antonio Barbancho",
keywords = "Wireless sensor networks (WSN), Ad hoc networks, Quality of Service (QoS), Artificial neural networks (ANN), Routing, Self-organizing map (SOM)"
}

@article{SH12,
title = "Artificial intelligence heuristics in solving vehicle routing problems with time window constraints",
journal = "Engineering Applications of Artificial Intelligence",
volume = "14",
number = "6",
pages = "825 - 837",
year = "2001",
issn = "0952-1976",
doi = "https://doi.org/10.1016/S0952-1976(02)00011-8",
url = "http://www.sciencedirect.com/science/article/pii/S0952197602000118",
author = "K.C. Tan and L.H. Lee and K. Ou",
keywords = "Artificial intelligence, Vehicle routing problems with time windows, Simulated annealing, Tabu search, Genetic algorithms"
}

@article{SH13,
title = "Neural networks in wireless networks: Techniques, applications and guidelines",
journal = "Journal of Network and Computer Applications",
volume = "68",
pages = "1 - 27",
year = "2016",
issn = "1084-8045",
doi = "https://doi.org/10.1016/j.jnca.2016.04.006",
url = "http://www.sciencedirect.com/science/article/pii/S1084804516300492",
author = "Nauman Ahad and Junaid Qadir and Nasir Ahsan",
keywords = "Wireless networks, Neural networks, Computational intelligence, Artificial intelligence"
}

@article{SH14,
title = "Methods used for the development of neural networks for the prediction of water resource variables in river systems: Current status and future directions",
journal = "Environmental Modelling & Software",
volume = "25",
number = "8",
pages = "891 - 909",
year = "2010",
issn = "1364-8152",
doi = "https://doi.org/10.1016/j.envsoft.2010.02.003",
url = "http://www.sciencedirect.com/science/article/pii/S1364815210000411",
author = "Holger R. Maier and Ashu Jain and Graeme C. Dandy and K.P. Sudheer",
keywords = "Artificial neural networks, Water resources, River systems, Forecasting, Prediction, Modelling process, Model development, Review"
}

@article{SH15,
title = "Neural networks for the prediction and forecasting of water resources variables: a review of modelling issues and applications",
journal = "Environmental Modelling & Software",
volume = "15",
number = "1",
pages = "101 - 124",
year = "2000",
issn = "1364-8152",
doi = "https://doi.org/10.1016/S1364-8152(99)00007-9",
url = "http://www.sciencedirect.com/science/article/pii/S1364815299000079",
author = "Holger R. Maier and Graeme C. Dandy",
keywords = "Artificial neural networks, Water resources, Forecasting, Prediction, Modelling process, Model development, Review"
}